Month,Region,Product Category,Sales Volume,Revenue,Inventory Level,Supplier,On-Time Delivery (%),Defect Rate (%)
2022-01-31,North America,Skincare,28899,881891.2623433756,6311,Supplier 4,88.03643123015743,3.7788968500039015
2022-01-31,North America,Haircare,48892,2200992.5423787297,9768,Supplier 2,89.91725907284777,3.506351092207922
2022-01-31,North America,Makeup,22382,415389.72191390605,7402,Supplier 5,90.37963037835586,2.170152764071073
2022-01-31,North America,Fragrances,13806,397543.36396996595,3591,Supplier 5,88.49192661164098,2.9882004368624466
2022-01-31,North America,Men's Grooming,30971,704894.3303984052,6480,Supplier 1,94.72707416930014,2.5896122388035048
2022-01-31,Europe,Skincare,17844,352768.24178206705,5855,Supplier 3,89.0394684105595,4.331165888687709
2022-01-31,Europe,Haircare,47079,2311225.833588238,7043,Supplier 2,93.05638365953581,4.88054467597445
2022-01-31,Europe,Makeup,44394,867283.5371258879,9972,Supplier 4,85.48618252094649,1.2052253494429863
2022-01-31,Europe,Fragrances,43088,473416.14509060106,4374,Supplier 3,88.45978643569781,3.5914272591289693
2022-01-31,Europe,Men's Grooming,25005,1075520.0949954593,4661,Supplier 1,96.34951114521631,4.494078368717437
2022-01-31,Asia-Pacific,Skincare,45159,926515.0723459743,7065,Supplier 2,96.7418000194497,4.277079033049608
2022-01-31,Asia-Pacific,Haircare,14076,385777.0282837063,2990,Supplier 1,87.50896029964066,4.29324116864677
2022-01-31,Asia-Pacific,Makeup,24404,485503.8830190408,4092,Supplier 3,86.34520337281003,3.393781988494911
2022-01-31,Asia-Pacific,Fragrances,47333,939778.1475984484,9149,Supplier 2,88.29908811400853,2.9517468434197096
2022-01-31,Asia-Pacific,Men's Grooming,31158,1228291.1454319924,7455,Supplier 3,88.50551901456978,4.401057575417418
2022-01-31,Latin America,Skincare,17381,178496.71711748623,7243,Supplier 2,96.57435068475031,1.491164620250195
2022-01-31,Latin America,Haircare,46005,1269240.8906001872,8096,Supplier 5,94.6520934114121,3.3396396752714232
2022-01-31,Latin America,Makeup,31427,885212.4106651698,6924,Supplier 3,91.77948359150238,1.2343731598838206
2022-01-31,Latin America,Fragrances,22632,464921.24172085634,7748,Supplier 1,93.43965215763487,4.946062523683079
2022-01-31,Latin America,Men's Grooming,39882,1170160.4136525926,8863,Supplier 1,88.92607939316893,3.1680262901566962
2022-01-31,Middle East & Africa,Skincare,32473,534231.7287211911,5206,Supplier 5,92.29518740270368,3.28482156293889
2022-01-31,Middle East & Africa,Haircare,16745,173098.5636593937,9209,Supplier 4,97.46242639220843,4.084392093415642
2022-01-31,Middle East & Africa,Makeup,14486,704426.2831831886,1999,Supplier 3,89.3012817033831,3.8396900260687064
2022-01-31,Middle East & Africa,Fragrances,11863,197766.97928126264,7437,Supplier 1,89.8215692353552,1.177609171666941
2022-01-31,Middle East & Africa,Men's Grooming,12043,300321.05489810876,6932,Supplier 4,96.86684540780905,0.8583144128552295
2022-02-28,North America,Skincare,35416,1195760.1335794192,1387,Supplier 2,89.1228491217728,4.363690855262649
2022-02-28,North America,Haircare,21049,560638.3701329384,6447,Supplier 5,91.2451898799116,4.742979519349984
2022-02-28,North America,Makeup,8161,105286.00161589107,3387,Supplier 3,88.4209619729048,3.7814430331570126
2022-02-28,North America,Fragrances,12958,224738.4090045451,5836,Supplier 1,86.54196120528894,3.596062137583795
2022-02-28,North America,Men's Grooming,42732,1676867.5849478778,8518,Supplier 2,96.77650953946966,0.8836313431959273
2022-02-28,Europe,Skincare,13866,569938.0094174092,9929,Supplier 4,95.27827989008104,3.4282171105899444
2022-02-28,Europe,Haircare,24153,359091.39468439505,1750,Supplier 5,90.78053767871609,1.601197773043219
2022-02-28,Europe,Makeup,20524,475475.0031815737,7737,Supplier 5,85.2380854135288,2.768245356134943
2022-02-28,Europe,Fragrances,26764,463216.5991498145,9982,Supplier 3,87.52211653016732,3.16807586680426
2022-02-28,Europe,Men's Grooming,24029,1105502.794872622,1625,Supplier 4,94.44146769039534,2.5494796487801477
2022-02-28,Asia-Pacific,Skincare,35511,458505.310959165,8581,Supplier 3,93.80085291648983,2.6112053843047702
2022-02-28,Asia-Pacific,Haircare,47966,992955.7440649936,2413,Supplier 3,88.46564940715356,3.2785445812852836
2022-02-28,Asia-Pacific,Makeup,38371,1869930.2839358437,9050,Supplier 2,89.43129185737658,0.9390974501126661
2022-02-28,Asia-Pacific,Fragrances,9880,210978.73322693186,1900,Supplier 4,97.89255107914622,2.825903912247889
2022-02-28,Asia-Pacific,Men's Grooming,25588,444372.64030298253,2402,Supplier 4,86.68343473375394,1.9302120584032993
2022-02-28,Latin America,Skincare,49855,1623440.8025573874,6515,Supplier 1,94.32401921303365,4.914351468999106
2022-02-28,Latin America,Haircare,38239,1148779.103374838,4787,Supplier 4,86.00699344720918,2.0530665446846506
2022-02-28,Latin America,Makeup,31807,1450827.782241274,8589,Supplier 3,97.85614817999272,0.8465284079942308
2022-02-28,Latin America,Fragrances,31981,1051463.7980066494,9104,Supplier 4,93.40351835059828,3.3892636695432334
2022-02-28,Latin America,Men's Grooming,29193,1033516.1729091526,7915,Supplier 4,88.96659164136243,3.194379624594552
2022-02-28,Middle East & Africa,Skincare,25999,938591.2267961852,1185,Supplier 5,92.05159074439803,3.772096942852649
2022-02-28,Middle East & Africa,Haircare,45677,934531.3471416034,5740,Supplier 2,96.41169147674741,3.1969069018112224
2022-02-28,Middle East & Africa,Makeup,42176,883794.4814909124,3287,Supplier 2,97.10707642568715,4.772660013933656
2022-02-28,Middle East & Africa,Fragrances,29579,955212.0415166148,5839,Supplier 5,87.41634427568826,3.716885365530845
2022-02-28,Middle East & Africa,Men's Grooming,49932,1854963.8483973022,8330,Supplier 2,94.27809352886874,2.470453899724321
2022-03-31,North America,Skincare,49208,2229179.0671046553,8257,Supplier 2,87.2547255206722,3.248406902622786
2022-03-31,North America,Haircare,49881,702945.7951332814,6732,Supplier 2,96.23171145708028,1.6859443596152413
2022-03-31,North America,Makeup,49422,2024679.27923869,7269,Supplier 3,91.28392631958386,2.4420313250761074
2022-03-31,North America,Fragrances,20317,506374.6603793863,7071,Supplier 5,98.17056076652737,4.825885680725001
2022-03-31,North America,Men's Grooming,26885,938974.5122126624,7857,Supplier 3,92.88773308922491,2.4763627015309964
2022-03-31,Europe,Skincare,44630,744132.4780365131,9104,Supplier 1,89.21883390143635,2.1915161862310977
2022-03-31,Europe,Haircare,38178,581774.3110076599,1949,Supplier 5,93.2746558800404,4.926800263466626
2022-03-31,Europe,Makeup,39717,1248071.6339938454,9135,Supplier 3,91.42902481836973,2.773566995137891
2022-03-31,Europe,Fragrances,22729,271085.4117853341,1699,Supplier 4,89.99647466617186,1.6518337692115592
2022-03-31,Europe,Men's Grooming,33764,1444013.21050798,3376,Supplier 5,92.29584481113957,1.6120260932438168
2022-03-31,Asia-Pacific,Skincare,14391,523836.91504626285,2401,Supplier 3,93.1339346959089,3.6386030478044398
2022-03-31,Asia-Pacific,Haircare,13628,432628.2675366085,9725,Supplier 2,89.81637320737731,1.471735017288672
2022-03-31,Asia-Pacific,Makeup,17594,458269.2903786225,9925,Supplier 2,96.72483198653732,2.893184618006057
2022-03-31,Asia-Pacific,Fragrances,10972,489469.42193581775,2279,Supplier 1,96.57263980932521,2.4392989491840047
2022-03-31,Asia-Pacific,Men's Grooming,14878,304023.5664143927,3240,Supplier 5,94.05080318269174,3.1361806415918365
2022-03-31,Latin America,Skincare,6954,110057.98857089148,6866,Supplier 3,85.95754167389084,2.3183293404927428
2022-03-31,Latin America,Haircare,35771,1170517.611375676,6015,Supplier 2,93.37811959633902,1.7699239039301542
2022-03-31,Latin America,Makeup,34461,1172480.6744634153,1737,Supplier 1,94.79821895664213,0.51954366097208
2022-03-31,Latin America,Fragrances,29149,1252326.600569926,6185,Supplier 3,90.35481952558487,2.452066239207738
2022-03-31,Latin America,Men's Grooming,5259,235573.4176889767,1874,Supplier 5,88.84464752510735,2.2877248608280447
2022-03-31,Middle East & Africa,Skincare,32494,1009411.7971222586,1839,Supplier 3,92.58049552684744,3.7697683675915727
2022-03-31,Middle East & Africa,Haircare,44151,839497.4829537809,3456,Supplier 5,89.69036707327128,3.251058682082662
2022-03-31,Middle East & Africa,Makeup,35405,841120.3819616585,9303,Supplier 2,95.07096800888851,3.3218761537523136
2022-03-31,Middle East & Africa,Fragrances,13139,455529.9966632881,5437,Supplier 3,90.88148174392735,3.3651581036542844
2022-03-31,Middle East & Africa,Men's Grooming,30058,602817.2805050683,7490,Supplier 5,87.7591917710491,1.0500150260571157
2022-04-30,North America,Skincare,42322,735119.0484806948,8240,Supplier 3,87.63171552751723,1.4858900084387945
2022-04-30,North America,Haircare,43460,1089609.304753712,5357,Supplier 4,86.39457202245204,0.7397429971625655
2022-04-30,North America,Makeup,21380,585175.8274230954,8702,Supplier 3,92.15478104158808,1.725829386339661
2022-04-30,North America,Fragrances,15888,456200.6460427727,9344,Supplier 2,97.52355681362637,3.9509653612868845
2022-04-30,North America,Men's Grooming,39112,503685.179840124,1781,Supplier 3,91.91192291755729,3.961494333881469
2022-04-30,Europe,Skincare,31880,1440628.4464336978,8235,Supplier 3,97.29385464340025,2.7281706470006872
2022-04-30,Europe,Haircare,44627,1175678.3496304557,9129,Supplier 2,88.38569143143934,1.3896692524874856
2022-04-30,Europe,Makeup,23530,884175.893617004,9149,Supplier 1,91.11942576654417,1.9729580163716973
2022-04-30,Europe,Fragrances,15484,472480.9321365853,3909,Supplier 3,95.37487802233146,4.250867954637325
2022-04-30,Europe,Men's Grooming,24075,1059357.0315817073,3399,Supplier 3,89.97880014727926,0.5702512719874435
2022-04-30,Asia-Pacific,Skincare,36129,1589035.5410525252,4807,Supplier 3,96.35701303727136,4.909261522888712
2022-04-30,Asia-Pacific,Haircare,30695,944582.3600054951,3547,Supplier 2,93.61524560173919,4.830358946019832
2022-04-30,Asia-Pacific,Makeup,24056,1081749.1850570473,5567,Supplier 3,93.4024934157769,4.630409080507289
2022-04-30,Asia-Pacific,Fragrances,43285,2012651.5389972636,7229,Supplier 1,87.75746646313834,3.029397794977988
2022-04-30,Asia-Pacific,Men's Grooming,47709,2133340.655010965,1647,Supplier 3,89.22253583077104,1.7589314753792793
2022-04-30,Latin America,Skincare,6668,93869.31066884009,4771,Supplier 1,96.23894321637842,4.000106288116985
2022-04-30,Latin America,Haircare,25315,644414.0149832624,4708,Supplier 5,89.49953424920977,3.331851199426322
2022-04-30,Latin America,Makeup,7378,235590.32034704502,3850,Supplier 4,98.02648514819654,4.794962322405286
2022-04-30,Latin America,Fragrances,33640,1170270.3312350158,8103,Supplier 3,92.29869448432916,1.9489919841101044
2022-04-30,Latin America,Men's Grooming,34290,641374.4118575735,7248,Supplier 2,87.01457547160086,1.915170121076644
2022-04-30,Middle East & Africa,Skincare,36242,1391196.4915063793,3643,Supplier 2,96.31308927416447,3.801893899109082
2022-04-30,Middle East & Africa,Haircare,47385,2346482.3933459558,3060,Supplier 1,88.34779648302657,3.8480399705059725
2022-04-30,Middle East & Africa,Makeup,42228,1255634.4879569279,3065,Supplier 4,86.27097448125097,3.730561468935469
2022-04-30,Middle East & Africa,Fragrances,24686,484730.09992273647,5840,Supplier 5,94.62680379553264,4.629393614341142
2022-04-30,Middle East & Africa,Men's Grooming,10056,233244.37365820454,8068,Supplier 5,90.09694860826792,1.0763713718195769
2022-05-31,North America,Skincare,47701,1864015.3718260932,9289,Supplier 3,88.24374709660097,3.304794284445973
2022-05-31,North America,Haircare,28598,334775.95170484047,1397,Supplier 4,90.93779987821351,3.187965555518963
2022-05-31,North America,Makeup,35513,1364231.5912979764,7085,Supplier 1,89.64634633206873,2.531188772870398
2022-05-31,North America,Fragrances,47110,2321834.114231127,5594,Supplier 4,93.81629115747157,4.890459270819157
2022-05-31,North America,Men's Grooming,10754,471910.03744195396,3029,Supplier 4,87.69177940753337,1.7549510917324889
2022-05-31,Europe,Skincare,16298,342840.76403511816,6731,Supplier 2,90.50508172866734,1.3114893387754143
2022-05-31,Europe,Haircare,48775,2300830.7131712628,3434,Supplier 4,86.6807892115404,2.3172338776692634
2022-05-31,Europe,Makeup,13089,530464.7492973536,8577,Supplier 1,89.41186868152916,2.4718976714541023
2022-05-31,Europe,Fragrances,28615,991320.630971039,8586,Supplier 2,86.93721839551868,1.1031766020075722
2022-05-31,Europe,Men's Grooming,14783,706424.9671970902,5117,Supplier 4,87.88416187223028,0.5978167826827383
2022-05-31,Asia-Pacific,Skincare,45436,1453812.061702838,4906,Supplier 5,90.55994383434441,0.9558177097486524
2022-05-31,Asia-Pacific,Haircare,16244,753673.3382542451,2561,Supplier 4,93.43624092879007,3.0099870851911583
2022-05-31,Asia-Pacific,Makeup,26900,541000.4229538817,2499,Supplier 4,98.81661467714076,3.5844008766363493
2022-05-31,Asia-Pacific,Fragrances,13142,344163.6766655627,3996,Supplier 3,88.01628576927538,2.7538422184082063
2022-05-31,Asia-Pacific,Men's Grooming,23921,891769.5650860083,4715,Supplier 1,91.05912374504945,0.6705045021496829
2022-05-31,Latin America,Skincare,22291,998719.3855554495,9162,Supplier 1,95.97143195765224,3.0823480121686715
2022-05-31,Latin America,Haircare,6929,195497.98559718175,6068,Supplier 5,97.75791332780146,3.493190708973644
2022-05-31,Latin America,Makeup,17717,666145.6864010574,8794,Supplier 2,86.73763839408517,3.0333197223150346
2022-05-31,Latin America,Fragrances,33845,365976.1146648862,1712,Supplier 1,89.48223266915839,0.7931671634135434
2022-05-31,Latin America,Men's Grooming,34442,611608.1535584959,9701,Supplier 3,94.03027905115269,4.115626684995679
2022-05-31,Middle East & Africa,Skincare,45600,719096.764379016,9422,Supplier 1,86.02124421964636,1.7358117691241073
2022-05-31,Middle East & Africa,Haircare,44307,536364.7336266766,3168,Supplier 3,85.50899388837385,3.0124377724814506
2022-05-31,Middle East & Africa,Makeup,49075,1785196.1392754656,2805,Supplier 1,96.79331626161644,3.544511896664867
2022-05-31,Middle East & Africa,Fragrances,9426,271479.98097810475,5222,Supplier 1,87.34557543299209,4.620091501667314
2022-05-31,Middle East & Africa,Men's Grooming,49886,798428.5498213448,6183,Supplier 5,92.45789155961872,3.817616056174427
2022-06-30,North America,Skincare,35087,1301018.3467657962,5173,Supplier 4,93.54679891744266,2.6927916789873185
2022-06-30,North America,Haircare,33287,1431780.7732887012,4572,Supplier 4,85.74511020473601,0.8827972506072628
2022-06-30,North America,Makeup,7699,118102.99469998178,5518,Supplier 2,98.34693499788878,2.023106428844196
2022-06-30,North America,Fragrances,18198,306703.84504603344,9393,Supplier 3,88.54950154142932,4.031793837428717
2022-06-30,North America,Men's Grooming,17726,249479.76023175847,2221,Supplier 2,91.61664592715096,4.079027863884788
2022-06-30,Europe,Skincare,28373,752214.5103692805,4016,Supplier 3,90.64866140959319,1.131467215297122
2022-06-30,Europe,Haircare,46789,1636239.7814427528,1894,Supplier 3,89.49813095829913,3.20253297165558
2022-06-30,Europe,Makeup,11733,164016.4121497833,9436,Supplier 3,95.15268880746422,2.5245163210500445
2022-06-30,Europe,Fragrances,49515,1430810.091029907,6751,Supplier 5,93.0400498246989,4.306212344622968
2022-06-30,Europe,Men's Grooming,14084,466654.2363855921,5445,Supplier 3,90.58687006456526,1.9743761764324472
2022-06-30,Asia-Pacific,Skincare,16159,766843.644575052,7854,Supplier 4,88.45504116137167,4.605789349531007
2022-06-30,Asia-Pacific,Haircare,12705,330055.4397837664,4213,Supplier 3,86.88486781458069,1.2015959608213485
2022-06-30,Asia-Pacific,Makeup,45404,792478.328833659,7347,Supplier 4,87.68774029728748,2.5628855911142137
2022-06-30,Asia-Pacific,Fragrances,16745,347308.828946493,4301,Supplier 3,96.93867361004055,3.876981783503391
2022-06-30,Asia-Pacific,Men's Grooming,43471,2019673.2278768416,7761,Supplier 4,89.46646323912401,4.685155978625987
2022-06-30,Latin America,Skincare,33655,1154917.4147512002,3614,Supplier 3,91.34773729429153,3.405603365109782
2022-06-30,Latin America,Haircare,45694,1954615.0837501532,1875,Supplier 4,85.52464971190494,4.092179432888749
2022-06-30,Latin America,Makeup,9141,105832.99556312637,4969,Supplier 1,94.50871399807977,0.8603516747713992
2022-06-30,Latin America,Fragrances,42778,789409.2795108601,7998,Supplier 5,89.04778735025275,2.1062554248220025
2022-06-30,Latin America,Men's Grooming,46091,1489697.9378794387,4146,Supplier 1,89.69304106980171,0.5173547609521068
2022-06-30,Middle East & Africa,Skincare,28517,1017268.1629796894,8543,Supplier 2,92.14683797404099,1.81571728783537
2022-06-30,Middle East & Africa,Haircare,32933,1372702.2986424433,7922,Supplier 4,96.28479899432386,4.409421756388947
2022-06-30,Middle East & Africa,Makeup,15573,257807.76652488977,4263,Supplier 1,88.88724638658333,1.472287942898037
2022-06-30,Middle East & Africa,Fragrances,27259,585278.8383441382,6341,Supplier 3,90.36616011613837,2.8357637645999345
2022-06-30,Middle East & Africa,Men's Grooming,7933,154619.91489621415,8593,Supplier 1,88.8207564983681,2.0094851814269927
2022-07-31,North America,Skincare,40408,1627608.1948397623,8183,Supplier 5,93.20569025887576,1.833681283873283
2022-07-31,North America,Haircare,33017,1061516.8742738953,4093,Supplier 5,86.29478535724603,4.8934771733301705
2022-07-31,North America,Makeup,29705,1464520.9778168837,9448,Supplier 2,89.72776815260619,2.5815214646106805
2022-07-31,North America,Fragrances,48008,1872691.335491311,3688,Supplier 1,96.45277817007876,4.5068667137756675
2022-07-31,North America,Men's Grooming,7797,291152.23896822473,5942,Supplier 3,91.28704225319142,2.469248646026075
2022-07-31,Europe,Skincare,14362,540355.819663806,6110,Supplier 1,92.03250199075183,4.9486399296050125
2022-07-31,Europe,Haircare,8709,275152.48068002576,9038,Supplier 4,97.51849766666736,4.730461494978299
2022-07-31,Europe,Makeup,27156,532303.5199196915,5826,Supplier 1,94.67456443948039,1.3378465853641937
2022-07-31,Europe,Fragrances,39128,978700.249854189,3569,Supplier 3,88.93840897076997,0.8583091658579383
2022-07-31,Europe,Men's Grooming,31451,1208947.831640428,8879,Supplier 1,97.22996422571363,2.240922784817183
2022-07-31,Asia-Pacific,Skincare,13286,301125.0553809815,6951,Supplier 2,92.37770741136296,4.3287273100754495
2022-07-31,Asia-Pacific,Haircare,9956,411354.89253214217,3480,Supplier 1,97.09507651425353,4.851651853264236
2022-07-31,Asia-Pacific,Makeup,34318,1498606.3373052066,6940,Supplier 3,89.99161777730227,3.704471944283243
2022-07-31,Asia-Pacific,Fragrances,41068,1860493.8142139113,6870,Supplier 5,93.07480826411799,1.306863089319123
2022-07-31,Asia-Pacific,Men's Grooming,10201,483235.620404968,8456,Supplier 3,98.24709763006483,3.673252676647026
2022-07-31,Latin America,Skincare,39568,1042942.9737606357,2655,Supplier 1,93.91776440296809,2.2378854121395646
2022-07-31,Latin America,Haircare,6653,148315.30699566976,9048,Supplier 1,95.86846259927792,2.5707219134131534
2022-07-31,Latin America,Makeup,36910,911219.9911251306,6897,Supplier 3,87.9259265119756,0.5764002547678861
2022-07-31,Latin America,Fragrances,43398,860842.0093023613,4636,Supplier 1,86.8156041204121,2.8141034307802517
2022-07-31,Latin America,Men's Grooming,33403,362398.16527022683,2762,Supplier 1,98.51419488031313,2.3772404695560034
2022-07-31,Middle East & Africa,Skincare,45386,1200441.550635531,9854,Supplier 3,87.56171042188646,1.6960341168152524
2022-07-31,Middle East & Africa,Haircare,49094,2235802.628951503,2575,Supplier 4,85.20731174977547,2.6846053236008247
2022-07-31,Middle East & Africa,Makeup,39811,1434953.1692897514,5472,Supplier 3,97.15180647613221,4.844513399999493
2022-07-31,Middle East & Africa,Fragrances,36813,1312584.7081906488,4809,Supplier 1,93.00641061683936,1.1327316338960394
2022-07-31,Middle East & Africa,Men's Grooming,29466,1446094.5366750234,2983,Supplier 4,91.22982822009654,1.3983568022095807
2022-08-31,North America,Skincare,48501,923360.3884197167,2496,Supplier 4,87.5448600518048,1.2397612250583794
2022-08-31,North America,Haircare,17815,609316.9354886392,7676,Supplier 3,93.59904483255778,4.714220376736638
2022-08-31,North America,Makeup,18249,810277.4897518596,4428,Supplier 1,90.30653075116021,4.681080251719388
2022-08-31,North America,Fragrances,14144,271014.1046099005,5786,Supplier 3,91.75417365628601,2.8391368511174067
2022-08-31,North America,Men's Grooming,42649,964757.283321975,7269,Supplier 3,98.34336057613459,3.6695848567797578
2022-08-31,Europe,Skincare,36645,1305255.2739043355,6895,Supplier 2,93.23531873887066,2.863387573815208
2022-08-31,Europe,Haircare,5800,202331.40948773178,2107,Supplier 5,98.85656093439859,3.896768251939132
2022-08-31,Europe,Makeup,30348,1455065.8872586312,1107,Supplier 4,90.73866723702457,3.20579992848567
2022-08-31,Europe,Fragrances,23035,624653.0057147981,7519,Supplier 2,86.27795291493265,1.3942032030410847
2022-08-31,Europe,Men's Grooming,45120,964149.6224322944,8447,Supplier 2,88.01961800341459,2.9095607085258033
2022-08-31,Asia-Pacific,Skincare,39257,1532539.034623618,7825,Supplier 5,92.2220419519554,2.195005378332638
2022-08-31,Asia-Pacific,Haircare,33786,722285.7298216932,2611,Supplier 4,90.72611618391245,3.6467733523934274
2022-08-31,Asia-Pacific,Makeup,14735,297671.36665320874,9590,Supplier 5,87.21354592138447,1.6515924516138387
2022-08-31,Asia-Pacific,Fragrances,35202,1521689.8225027663,2631,Supplier 2,85.20663361668304,4.17700059499885
2022-08-31,Asia-Pacific,Men's Grooming,44761,504320.3983631437,6007,Supplier 5,87.82031466387144,0.7820733006615175
2022-08-31,Latin America,Skincare,42754,1554444.0259858484,5351,Supplier 1,97.66851500653922,4.349849216058609
2022-08-31,Latin America,Haircare,37432,646362.4495818339,1264,Supplier 4,88.6090696443365,4.214079053778359
2022-08-31,Latin America,Makeup,10152,156806.63791507212,6900,Supplier 1,95.30627121669977,1.4563943718108727
2022-08-31,Latin America,Fragrances,13840,234743.7214237443,5163,Supplier 5,88.95210519228125,2.2975400730313496
2022-08-31,Latin America,Men's Grooming,46899,1704107.901911029,7222,Supplier 3,88.15145138512509,3.637765983059851
2022-08-31,Middle East & Africa,Skincare,36897,922028.0251851497,5115,Supplier 2,98.67714600288063,3.3339020976757383
2022-08-31,Middle East & Africa,Haircare,45966,1265857.4768402656,6039,Supplier 3,98.10047597532028,1.9125915039474406
2022-08-31,Middle East & Africa,Makeup,28294,909840.4518510088,1917,Supplier 3,94.53364145399503,2.0964653361243073
2022-08-31,Middle East & Africa,Fragrances,40506,1569627.1490691719,1589,Supplier 5,96.99907374572656,0.8357503313078035
2022-08-31,Middle East & Africa,Men's Grooming,19697,676947.6685836713,8010,Supplier 2,93.02572326098976,4.030976290690173
2022-09-30,North America,Skincare,41660,528359.7381768193,9046,Supplier 1,97.46472695824045,2.0240443653655316
2022-09-30,North America,Haircare,35454,447189.2203280686,1948,Supplier 5,86.74761029093023,0.9532162690978333
2022-09-30,North America,Makeup,26200,890382.8091518054,2852,Supplier 5,95.67403297630254,3.633870036977813
2022-09-30,North America,Fragrances,26846,291540.3957216731,5688,Supplier 5,90.8155170839926,0.524712634793314
2022-09-30,North America,Men's Grooming,20251,605467.4080199022,6202,Supplier 4,91.91492664011128,3.1944977106201002
2022-09-30,Europe,Skincare,6207,274729.4818021699,1325,Supplier 3,93.57934234090162,0.7792148292682224
2022-09-30,Europe,Haircare,42833,667260.6359438443,4183,Supplier 2,87.5491032178687,1.5550947836798759
2022-09-30,Europe,Makeup,10962,386217.94776880177,2490,Supplier 4,85.40754201861259,3.112842171195358
2022-09-30,Europe,Fragrances,9848,162643.31381984917,9656,Supplier 4,85.21176408080585,2.769374164469537
2022-09-30,Europe,Men's Grooming,39629,1594213.7010995834,5320,Supplier 1,93.80105275859789,1.6699988030027813
2022-09-30,Asia-Pacific,Skincare,28877,1169370.6308673087,5289,Supplier 1,87.2855144497091,1.7610495512361948
2022-09-30,Asia-Pacific,Haircare,31898,1331749.3899477841,5041,Supplier 1,97.00723222624711,2.411569383826606
2022-09-30,Asia-Pacific,Makeup,8201,213251.28367355437,5631,Supplier 3,85.86865976340451,3.862049532501615
2022-09-30,Asia-Pacific,Fragrances,48607,892768.1774737536,2229,Supplier 1,91.13361370162048,1.0573241104870559
2022-09-30,Asia-Pacific,Men's Grooming,13981,169502.45969295292,2948,Supplier 4,90.22079044278787,1.8828196505307364
2022-09-30,Latin America,Skincare,22396,676112.8550615809,5068,Supplier 5,98.4179342794323,4.306352287455169
2022-09-30,Latin America,Haircare,19290,226483.44903039368,5235,Supplier 5,85.29890874125178,4.1782314274266765
2022-09-30,Latin America,Makeup,14308,403967.1808362681,8336,Supplier 4,93.53758783384738,3.0744494320067957
2022-09-30,Latin America,Fragrances,43699,899971.037499923,3849,Supplier 4,93.10970520451995,2.196292887330598
2022-09-30,Latin America,Men's Grooming,30462,1200256.7558313853,7847,Supplier 1,88.24641437555393,4.355397213782657
2022-09-30,Middle East & Africa,Skincare,6677,171673.0055415211,6717,Supplier 3,98.35478102701053,2.3918704269381723
2022-09-30,Middle East & Africa,Haircare,32740,587748.5352144331,7267,Supplier 2,90.29876481877167,2.092578774797535
2022-09-30,Middle East & Africa,Makeup,31734,648423.4416169472,3849,Supplier 1,98.4926281840314,4.692502290680984
2022-09-30,Middle East & Africa,Fragrances,32433,647039.8520835217,9659,Supplier 3,90.97912204784794,2.7336138410539874
2022-09-30,Middle East & Africa,Men's Grooming,30961,396481.25045136537,8522,Supplier 5,93.44971151655281,1.6156002092493942
2022-10-31,North America,Skincare,6274,205054.17234007712,2645,Supplier 4,95.08423239487622,1.6123031063987114
2022-10-31,North America,Haircare,38789,728025.0223822014,4908,Supplier 1,89.3970217918183,0.8000254031297591
2022-10-31,North America,Makeup,30720,595273.9993957914,8408,Supplier 5,89.01726871873433,4.744629095695622
2022-10-31,North America,Fragrances,24492,763468.469203721,9109,Supplier 1,89.12373033061785,1.6007790780391975
2022-10-31,North America,Men's Grooming,19717,286352.56064528506,9113,Supplier 5,96.8519570628257,4.536729140461351
2022-10-31,Europe,Skincare,19301,367735.91120387183,9987,Supplier 2,97.08670987733076,3.672333139647009
2022-10-31,Europe,Haircare,41328,880024.1895369608,8323,Supplier 5,90.8426901733015,1.6792995427296535
2022-10-31,Europe,Makeup,10686,278632.3120086692,2198,Supplier 2,89.19251873062515,1.186937275913424
2022-10-31,Europe,Fragrances,14111,583755.6818804478,1621,Supplier 4,92.0158491424749,2.065099325658675
2022-10-31,Europe,Men's Grooming,35783,1711347.6763862395,8724,Supplier 1,92.47324442935347,1.1973423825994658
2022-10-31,Asia-Pacific,Skincare,22905,359106.65291742934,9237,Supplier 4,95.06485385889849,0.7156177362661423
2022-10-31,Asia-Pacific,Haircare,27457,717128.7211525581,8248,Supplier 4,91.86360010341218,3.4601108598248556
2022-10-31,Asia-Pacific,Makeup,10275,243597.96380559474,1933,Supplier 3,93.37350664580781,3.843407884094885
2022-10-31,Asia-Pacific,Fragrances,5517,246297.3946323348,2822,Supplier 2,86.47496297866745,4.134964094220157
2022-10-31,Asia-Pacific,Men's Grooming,38881,1374826.0298366959,8181,Supplier 2,88.65634033758016,1.4677981295401024
2022-10-31,Latin America,Skincare,26881,358188.2950867919,8647,Supplier 5,86.6274506840006,2.932959903560079
2022-10-31,Latin America,Haircare,37237,1291599.3445502757,8868,Supplier 3,94.07114943860742,0.638666843922866
2022-10-31,Latin America,Makeup,47114,1883712.9944620181,7006,Supplier 5,88.31504714215066,2.079201867103789
2022-10-31,Latin America,Fragrances,23671,819683.6730240615,3180,Supplier 1,86.59799085299163,4.2893540026589605
2022-10-31,Latin America,Men's Grooming,37981,1074836.2051298958,9368,Supplier 2,95.33682835868473,1.9623795408842741
2022-10-31,Middle East & Africa,Skincare,31535,913310.7276387801,9038,Supplier 4,90.0241105804858,4.146671260455248
2022-10-31,Middle East & Africa,Haircare,10961,235211.61724042555,3892,Supplier 5,86.83097859802285,2.0640239535613985
2022-10-31,Middle East & Africa,Makeup,24374,681397.2389793195,7743,Supplier 4,93.51151715075473,2.0776906557183734
2022-10-31,Middle East & Africa,Fragrances,13459,591900.5375642221,6026,Supplier 4,87.21927291444717,4.5976651114940035
2022-10-31,Middle East & Africa,Men's Grooming,41602,789556.8118243587,1713,Supplier 1,89.31545606736562,2.0307986228237622
2022-11-30,North America,Skincare,13520,475541.23163299105,1088,Supplier 5,85.67959411975494,3.9663801511768977
2022-11-30,North America,Haircare,32419,539920.5399776153,6073,Supplier 5,87.60665329986891,1.3315700944002073
2022-11-30,North America,Makeup,26809,861435.26023525,4416,Supplier 4,93.7943980754646,4.21328140501995
2022-11-30,North America,Fragrances,48650,2248333.865585592,8777,Supplier 5,96.68034395444114,4.211798363040491
2022-11-30,North America,Men's Grooming,37887,1815014.4298414988,5632,Supplier 3,88.14010750112911,4.124085135370502
2022-11-30,Europe,Skincare,8997,347641.1718169616,9631,Supplier 1,86.172556390296,1.6512913266358635
2022-11-30,Europe,Haircare,29300,516919.11599338555,1499,Supplier 4,97.70062077413294,4.089765674011828
2022-11-30,Europe,Makeup,45850,1483828.6170581663,7212,Supplier 2,88.97586931276304,4.592879340410603
2022-11-30,Europe,Fragrances,26776,744497.2572604525,7857,Supplier 5,88.54316581478976,3.647263868337118
2022-11-30,Europe,Men's Grooming,16029,785408.2477924415,5305,Supplier 4,93.14384187246596,2.451475646853064
2022-11-30,Asia-Pacific,Skincare,20751,211655.14691377283,8633,Supplier 5,94.9173826275366,2.5439157703184403
2022-11-30,Asia-Pacific,Haircare,32546,1626057.6931342948,3146,Supplier 3,94.0948741116461,2.454151577024723
2022-11-30,Asia-Pacific,Makeup,41624,1521263.1697214693,8107,Supplier 4,88.80989410187111,2.4635948445369893
2022-11-30,Asia-Pacific,Fragrances,26940,1074979.5397273877,5317,Supplier 5,87.34000897914117,3.3606714526072214
2022-11-30,Asia-Pacific,Men's Grooming,37188,729282.1621852429,5676,Supplier 3,87.29361671068378,1.7520593507649878
2022-11-30,Latin America,Skincare,35193,1421677.6908519054,7184,Supplier 3,88.87885967152678,4.709471422001644
2022-11-30,Latin America,Haircare,35734,825807.4990504775,4750,Supplier 5,90.13709638566165,2.3492771126543732
2022-11-30,Latin America,Makeup,10369,299795.9284907224,2142,Supplier 4,98.22341681957845,3.339594339357675
2022-11-30,Latin America,Fragrances,26618,1153873.362265022,4226,Supplier 1,98.85170043115673,2.3007432356485884
2022-11-30,Latin America,Men's Grooming,7413,103637.68242194178,3171,Supplier 2,91.26056112794197,2.181896223193623
2022-11-30,Middle East & Africa,Skincare,30881,653940.1329100686,4054,Supplier 2,96.2694448132328,0.7307403330715228
2022-11-30,Middle East & Africa,Haircare,41695,2005430.1400734936,1604,Supplier 4,88.4056634969602,1.275278016989162
2022-11-30,Middle East & Africa,Makeup,41852,1332086.1096665445,7616,Supplier 1,98.7100675380406,2.708254501599841
2022-11-30,Middle East & Africa,Fragrances,20865,491629.2010026651,1303,Supplier 2,87.50793303043841,0.8560240590400319
2022-11-30,Middle East & Africa,Men's Grooming,31851,1218176.3330836503,2594,Supplier 5,93.90060483463049,4.186640858846262
2022-12-31,North America,Skincare,10567,355706.1587066014,8987,Supplier 5,88.91524564082245,4.539455521437862
2022-12-31,North America,Haircare,22040,1050596.8378756023,3756,Supplier 1,93.11404804806584,0.9587393869871776
2022-12-31,North America,Makeup,31664,1339807.619014717,6685,Supplier 2,94.76927597260598,3.4923807193783962
2022-12-31,North America,Fragrances,10812,150323.50132894516,7388,Supplier 3,88.71622363978781,0.9318531290530431
2022-12-31,North America,Men's Grooming,45100,1839280.949714961,4799,Supplier 2,90.81291804339473,2.4041417221554338
2022-12-31,Europe,Skincare,26769,275591.2926002086,4715,Supplier 3,95.22200006418099,3.29777904038996
2022-12-31,Europe,Haircare,39398,1616226.4794837064,8852,Supplier 4,97.9067896571662,3.6376841501018276
2022-12-31,Europe,Makeup,27689,379084.5376659142,4362,Supplier 2,87.2915081085275,3.084392181448006
2022-12-31,Europe,Fragrances,25654,596683.7195472551,6228,Supplier 5,94.30388140879441,3.1032811269213987
2022-12-31,Europe,Men's Grooming,45569,1727430.2917377613,9182,Supplier 2,89.67368321120905,1.2284314564368994
2022-12-31,Asia-Pacific,Skincare,29166,419963.28727171273,1278,Supplier 1,97.92026679620707,3.60762390315045
2022-12-31,Asia-Pacific,Haircare,27838,976581.6273557456,5708,Supplier 4,91.21540921955015,2.8899174444844844
2022-12-31,Asia-Pacific,Makeup,19049,617446.3736826178,9599,Supplier 5,92.92922191947369,3.958460156019663
2022-12-31,Asia-Pacific,Fragrances,6883,168917.30964011003,1696,Supplier 5,91.79841840422719,2.503059517162243
2022-12-31,Asia-Pacific,Men's Grooming,31544,1457319.909122983,3679,Supplier 1,94.26926446996161,4.032763469179569
2022-12-31,Latin America,Skincare,46739,1857843.1820204628,2540,Supplier 5,96.49354518027732,1.7928872244186955
2022-12-31,Latin America,Haircare,34907,1107115.0744515604,3637,Supplier 1,95.14685527159658,2.6466995869432246
2022-12-31,Latin America,Makeup,43400,1345939.1357479151,2703,Supplier 5,95.02426483941113,4.1200261613458204
2022-12-31,Latin America,Fragrances,17330,242381.94452295225,4149,Supplier 1,91.32906260816499,3.629549467253387
2022-12-31,Latin America,Men's Grooming,36130,1179975.154766373,4290,Supplier 1,86.3749656066686,1.645634343803618
2022-12-31,Middle East & Africa,Skincare,44244,1056225.8854608063,9003,Supplier 2,97.27303780281554,1.753322754544908
2022-12-31,Middle East & Africa,Haircare,19270,802205.3606415313,5009,Supplier 4,87.52107379807381,0.5813141794005412
2022-12-31,Middle East & Africa,Makeup,45368,519669.3239407187,3256,Supplier 2,98.78208052918335,1.7174524602448131
2022-12-31,Middle East & Africa,Fragrances,44670,546974.0109622792,5137,Supplier 4,98.5360520862587,4.935613050961923
2022-12-31,Middle East & Africa,Men's Grooming,19782,496432.3644827844,1455,Supplier 4,96.8094717558702,0.7938372213518285
2023-01-31,North America,Skincare,46500,2251953.910598359,8961,Supplier 1,88.01914063596004,2.992002449972445
2023-01-31,North America,Haircare,20079,442135.17729314254,4260,Supplier 5,85.21399310447042,4.167183032747618
2023-01-31,North America,Makeup,11090,382522.3336116217,6794,Supplier 2,95.24484459998749,4.295510881474774
2023-01-31,North America,Fragrances,43310,634418.0237094853,4917,Supplier 5,95.66190226005779,3.120044229982436
2023-01-31,North America,Men's Grooming,39608,1321189.741456253,8010,Supplier 2,86.05341519733436,4.8280120015810635
2023-01-31,Europe,Skincare,29689,839620.6394881699,2947,Supplier 3,97.38573366180867,4.884207230817374
2023-01-31,Europe,Haircare,18602,761364.2463110922,1082,Supplier 3,91.01582995451312,4.507296175422238
2023-01-31,Europe,Makeup,24102,901917.3061181728,4577,Supplier 3,85.08649912793742,3.32560148924178
2023-01-31,Europe,Fragrances,47291,1365881.9567472474,4577,Supplier 3,96.47763923913081,2.4027360711027286
2023-01-31,Europe,Men's Grooming,12435,219812.44140245664,4232,Supplier 3,97.14397672129863,3.484282456205552
2023-01-31,Asia-Pacific,Skincare,45336,2136145.7367940843,9656,Supplier 5,98.88220930282733,1.3905313273134867
2023-01-31,Asia-Pacific,Haircare,22001,391378.30396750645,4554,Supplier 5,92.5653555505943,1.5957232953976677
2023-01-31,Asia-Pacific,Makeup,43551,2140281.2908085,8522,Supplier 2,90.0918906451403,1.2779844663592133
2023-01-31,Asia-Pacific,Fragrances,38262,1634830.8814760873,3143,Supplier 3,87.28590239415688,1.9074603093919245
2023-01-31,Asia-Pacific,Men's Grooming,36160,600524.9332315072,4747,Supplier 2,90.48947788207673,4.052733921091084
2023-01-31,Latin America,Skincare,27326,407882.1293448253,9429,Supplier 4,85.28807835192917,1.861809735409818
2023-01-31,Latin America,Haircare,41874,719594.0791444319,3888,Supplier 4,96.48363922756869,4.503036275751844
2023-01-31,Latin America,Makeup,5556,158418.0842208517,1680,Supplier 3,89.23618064905699,3.3208534641406
2023-01-31,Latin America,Fragrances,19064,730381.2463485448,6898,Supplier 3,85.21448702106485,4.175409822519976
2023-01-31,Latin America,Men's Grooming,6574,195620.60069877116,9965,Supplier 3,96.77654659912331,4.626269246534392
2023-01-31,Middle East & Africa,Skincare,11922,289437.9386290242,6072,Supplier 1,90.67652415611475,4.2079551299288624
2023-01-31,Middle East & Africa,Haircare,13534,561008.7131548476,8495,Supplier 5,94.9834629372924,2.8712374737038533
2023-01-31,Middle East & Africa,Makeup,34483,1188373.3844733262,6821,Supplier 5,95.37100751020232,4.091022952752024
2023-01-31,Middle East & Africa,Fragrances,45782,1230548.765255562,4278,Supplier 3,93.11363986389917,3.871253746289913
2023-01-31,Middle East & Africa,Men's Grooming,8269,248087.86385291352,1292,Supplier 4,98.43071526434773,4.871874560030093
2023-02-28,North America,Skincare,34036,454371.1874547539,1327,Supplier 4,98.28722122352633,4.184466269419643
2023-02-28,North America,Haircare,40378,785419.2208537665,8933,Supplier 2,86.47810431561626,4.0281060700404385
2023-02-28,North America,Makeup,30661,892670.2452311342,5089,Supplier 1,85.00198855276301,1.2329716761125284
2023-02-28,North America,Fragrances,32956,935284.4237261753,1281,Supplier 4,88.71885175667867,1.4631562774134614
2023-02-28,North America,Men's Grooming,46276,2167988.2527486943,6149,Supplier 2,88.60147050507875,3.0635150054379525
2023-02-28,Europe,Skincare,31789,516981.1932696972,1249,Supplier 3,86.84697505283773,1.3443042251647417
2023-02-28,Europe,Haircare,15238,691178.7893221886,6221,Supplier 2,86.23124821388889,4.136243758277692
2023-02-28,Europe,Makeup,32171,1498525.814908511,3345,Supplier 1,86.674276638324,1.1662219137257364
2023-02-28,Europe,Fragrances,28417,1266387.6699409997,3767,Supplier 1,89.0324353551275,3.4709814238678898
2023-02-28,Europe,Men's Grooming,32448,983450.3223257728,3114,Supplier 2,98.75530671615994,4.112307465474388
2023-02-28,Asia-Pacific,Skincare,29548,827233.3316525402,1390,Supplier 4,97.82963542212137,1.4694741018046402
2023-02-28,Asia-Pacific,Haircare,41811,1361970.8490885722,1326,Supplier 4,92.75766987136242,3.9293493586288744
2023-02-28,Asia-Pacific,Makeup,24951,646831.9350579468,1672,Supplier 2,93.58252737984999,4.678904944327156
2023-02-28,Asia-Pacific,Fragrances,5080,109338.6820927572,8946,Supplier 1,92.94580694784219,1.9933549173724847
2023-02-28,Asia-Pacific,Men's Grooming,32251,1269831.523125953,1053,Supplier 1,92.91404422191849,1.7472768980982112
2023-02-28,Latin America,Skincare,38533,1730132.141151719,6270,Supplier 1,95.59249833833667,1.159592873022369
2023-02-28,Latin America,Haircare,10918,349512.18725718133,2294,Supplier 5,92.53256962623,0.9458724522808667
2023-02-28,Latin America,Makeup,26017,1146799.9273322935,8261,Supplier 3,85.59621419701136,1.7803337251979785
2023-02-28,Latin America,Fragrances,48986,2001465.8369407353,4776,Supplier 5,89.4559442672204,1.356903004604385
2023-02-28,Latin America,Men's Grooming,13415,419967.7170298296,7287,Supplier 1,97.05898292192278,3.2559595494990283
2023-02-28,Middle East & Africa,Skincare,12079,330989.04899674136,8023,Supplier 2,89.24670830786314,3.337955474980736
2023-02-28,Middle East & Africa,Haircare,22321,1023601.8425275994,6620,Supplier 1,88.44445467597907,3.835025686594007
2023-02-28,Middle East & Africa,Makeup,46020,1210122.4993053563,7582,Supplier 1,87.01852551239509,1.4442425151678289
2023-02-28,Middle East & Africa,Fragrances,27266,556015.67966381,2341,Supplier 4,93.28966985414148,1.232949784682071
2023-02-28,Middle East & Africa,Men's Grooming,23237,372615.37426999153,2727,Supplier 5,91.1914571575964,2.134255202543801
2023-03-31,North America,Skincare,9086,261388.9738852895,5075,Supplier 4,92.15444505898151,2.086475623890892
2023-03-31,North America,Haircare,23829,825496.5754005129,4336,Supplier 4,96.69633360983599,2.925562500020297
2023-03-31,North America,Makeup,6499,129477.46715389607,6208,Supplier 2,87.1711918302418,2.1451729691333723
2023-03-31,North America,Fragrances,45862,1676557.099875589,5140,Supplier 3,97.79437661353445,1.727554561117506
2023-03-31,North America,Men's Grooming,6300,250241.4781325321,6266,Supplier 3,88.44985699078319,3.2542245516371495
2023-03-31,Europe,Skincare,22499,443726.9848570035,5407,Supplier 5,91.1775491137589,4.880649951133734
2023-03-31,Europe,Haircare,32863,694963.9187012285,5679,Supplier 5,98.44753024522771,2.720877715766509
2023-03-31,Europe,Makeup,5804,168649.39518556595,2127,Supplier 3,94.46733261990866,4.688160337576654
2023-03-31,Europe,Fragrances,45957,930996.8606930397,1391,Supplier 4,86.64679816707613,2.387098768990982
2023-03-31,Europe,Men's Grooming,16972,257424.09423267917,2063,Supplier 3,87.31479506902517,3.841945229209899
2023-03-31,Asia-Pacific,Skincare,30143,714204.2955370691,1603,Supplier 2,93.59163342361364,3.891396956521419
2023-03-31,Asia-Pacific,Haircare,44636,1692192.9002241192,7302,Supplier 5,88.22916527407374,2.416588429881723
2023-03-31,Asia-Pacific,Makeup,45873,503785.3746780719,2936,Supplier 1,95.4352014203446,3.624274872128461
2023-03-31,Asia-Pacific,Fragrances,17779,591243.0677176717,1079,Supplier 5,96.75955675643576,0.9600203961101328
2023-03-31,Asia-Pacific,Men's Grooming,5202,206096.84405864842,5467,Supplier 1,90.75974643599466,0.9297554914010505
2023-03-31,Latin America,Skincare,35272,1287349.0597218005,3330,Supplier 3,87.72636758949082,4.9216550515899
2023-03-31,Latin America,Haircare,6278,147006.913214551,9827,Supplier 2,87.30660721363449,3.0653428249667187
2023-03-31,Latin America,Makeup,8311,270640.91291481187,5626,Supplier 2,95.64258497093641,3.2496526137892703
2023-03-31,Latin America,Fragrances,10790,371132.7720706134,2312,Supplier 4,88.04535101305287,4.965912557987731
2023-03-31,Latin America,Men's Grooming,23620,1159942.4466122426,1873,Supplier 5,88.0365341514021,1.2744935074655064
2023-03-31,Middle East & Africa,Skincare,30432,891274.575258139,8515,Supplier 4,87.6869985033704,3.361493563821218
2023-03-31,Middle East & Africa,Haircare,25041,853071.6944851334,2799,Supplier 5,94.69937017842165,4.0164865586267915
2023-03-31,Middle East & Africa,Makeup,20254,364035.9491613693,9238,Supplier 3,94.60411435728517,1.3802574000933934
2023-03-31,Middle East & Africa,Fragrances,8166,386487.900537904,9512,Supplier 4,96.31497106714629,4.103499782061947
2023-03-31,Middle East & Africa,Men's Grooming,40139,1673844.454101882,4265,Supplier 1,98.74337137667294,2.4082796223795544
2023-04-30,North America,Skincare,17846,794640.5080159503,2315,Supplier 5,86.85543217144611,4.763704851983984
2023-04-30,North America,Haircare,9261,170942.7241485853,6177,Supplier 3,91.93908010216494,1.5434777990624857
2023-04-30,North America,Makeup,27014,407483.8531258778,4367,Supplier 5,97.72180615048228,0.7376265875541631
2023-04-30,North America,Fragrances,35739,1527747.2090960261,7664,Supplier 3,96.14933868111359,4.830147919285918
2023-04-30,North America,Men's Grooming,44185,942896.2032309795,7481,Supplier 1,88.16663046579036,2.163064638112771
2023-04-30,Europe,Skincare,36814,461636.38131937105,7768,Supplier 2,85.10143795434675,3.032590906515478
2023-04-30,Europe,Haircare,34688,629272.4399796523,5168,Supplier 2,97.52919040570488,4.122529826779518
2023-04-30,Europe,Makeup,32600,967484.0728540862,2458,Supplier 5,88.51113955928388,4.992716597313619
2023-04-30,Europe,Fragrances,23873,1101397.0380198162,5295,Supplier 4,89.75568732872624,2.614758508213633
2023-04-30,Europe,Men's Grooming,29241,1311417.5505264055,2724,Supplier 4,88.85968354191417,3.738285117589543
2023-04-30,Asia-Pacific,Skincare,45058,959788.9304564589,8476,Supplier 4,86.32884785500369,1.3649855367304662
2023-04-30,Asia-Pacific,Haircare,45480,2214394.4022334735,6808,Supplier 5,90.96713996323685,1.997766185816232
2023-04-30,Asia-Pacific,Makeup,36256,1017230.0614044355,4279,Supplier 3,87.44622211374906,1.5591551312392062
2023-04-30,Asia-Pacific,Fragrances,35241,613892.1343556328,6301,Supplier 5,90.95272550427865,1.143945865741412
2023-04-30,Asia-Pacific,Men's Grooming,19604,954669.6347931856,4027,Supplier 3,98.65817289999893,3.2384123580674555
2023-04-30,Latin America,Skincare,17137,478826.0952569006,2731,Supplier 2,89.6060453746054,3.2495890609120615
2023-04-30,Latin America,Haircare,48371,768078.1568044899,5081,Supplier 5,93.85646872072302,1.0083100447164233
2023-04-30,Latin America,Makeup,16789,392397.43288990494,8904,Supplier 5,95.86002800378736,4.668787273096845
2023-04-30,Latin America,Fragrances,16229,791554.641227777,1759,Supplier 2,96.31702060546944,0.5499695059706657
2023-04-30,Latin America,Men's Grooming,21277,331673.5743532703,9653,Supplier 5,96.04521577467129,0.5023429538666411
2023-04-30,Middle East & Africa,Skincare,13487,353610.86208755535,6872,Supplier 5,97.0639467290356,3.71426933170929
2023-04-30,Middle East & Africa,Haircare,39363,800045.3732473693,9720,Supplier 1,93.10088918553404,0.8057860103431456
2023-04-30,Middle East & Africa,Makeup,33589,445857.3434508527,7534,Supplier 4,85.20686510514238,3.9690023539908683
2023-04-30,Middle East & Africa,Fragrances,45095,2138694.9379374585,7072,Supplier 1,96.80265760305448,1.854897441904258
2023-04-30,Middle East & Africa,Men's Grooming,8292,375224.4869769128,6893,Supplier 5,89.80537430198405,3.370403713652157
2023-05-31,North America,Skincare,8414,381425.4013273419,8267,Supplier 2,96.63062129631841,4.091459255977748
2023-05-31,North America,Haircare,28910,1278941.860865164,6520,Supplier 5,96.93315643745065,3.332556741234372
2023-05-31,North America,Makeup,17672,311487.2099110817,1411,Supplier 3,93.95005641119047,4.259031668240167
2023-05-31,North America,Fragrances,7081,300549.46773483994,9344,Supplier 4,93.23997365274064,4.624334617387252
2023-05-31,North America,Men's Grooming,18046,283389.45577386755,5061,Supplier 1,85.49529889770527,4.820168193298024
2023-05-31,Europe,Skincare,40667,1767390.7266888197,8096,Supplier 2,88.51690453837588,4.3465676262616455
2023-05-31,Europe,Haircare,35616,985533.249310495,2875,Supplier 3,85.14379202417486,4.002923034362276
2023-05-31,Europe,Makeup,17453,377215.50189006544,3477,Supplier 1,85.88064211371953,0.8099709500373721
2023-05-31,Europe,Fragrances,37256,618969.6181088752,1731,Supplier 5,89.66727842121577,1.427726378712456
2023-05-31,Europe,Men's Grooming,11536,227002.7972375974,5614,Supplier 5,86.95032488681487,2.0126519740578637
2023-05-31,Asia-Pacific,Skincare,8206,264977.49493860855,4206,Supplier 3,92.64581833822054,1.6592825630551897
2023-05-31,Asia-Pacific,Haircare,33422,456850.18669564166,6302,Supplier 4,87.86806753441098,1.8264876498165248
2023-05-31,Asia-Pacific,Makeup,6982,135537.29992548842,4587,Supplier 3,89.1169107560857,3.029521216470643
2023-05-31,Asia-Pacific,Fragrances,13313,191140.06483003177,8230,Supplier 2,90.95511183919744,0.5666923114056017
2023-05-31,Asia-Pacific,Men's Grooming,16217,295650.41955507913,2013,Supplier 4,92.77485991496901,3.17428016903871
2023-05-31,Latin America,Skincare,11161,445488.7090046618,7821,Supplier 5,86.11194214507572,3.8943008893435387
2023-05-31,Latin America,Haircare,19057,436311.49234318396,5599,Supplier 1,88.26783594254884,3.9226649282557204
2023-05-31,Latin America,Makeup,35728,1281415.046701206,4912,Supplier 5,93.99093356547833,1.611019142387901
2023-05-31,Latin America,Fragrances,36094,1524570.0489728847,6031,Supplier 5,85.16039788069396,4.400101886264384
2023-05-31,Latin America,Men's Grooming,48932,1510259.4410548953,6413,Supplier 2,90.55591539424155,1.2801978774713665
2023-05-31,Middle East & Africa,Skincare,49549,1493950.9258233903,3636,Supplier 2,97.94415213404339,3.281117737548578
2023-05-31,Middle East & Africa,Haircare,33384,944201.7848071727,2486,Supplier 5,97.9611138844445,2.5139023236263105
2023-05-31,Middle East & Africa,Makeup,17554,628791.3977401267,7322,Supplier 1,89.17784370796808,0.7514445718830831
2023-05-31,Middle East & Africa,Fragrances,22022,679046.5422509802,4498,Supplier 1,97.3691628532648,0.9403737127574343
2023-05-31,Middle East & Africa,Men's Grooming,34182,1446149.4487915302,3215,Supplier 5,95.24461840369239,4.108763914938372
2023-06-30,North America,Skincare,42426,1151991.3027814282,9725,Supplier 3,95.98009752948269,1.1415013118630282
2023-06-30,North America,Haircare,16794,214497.0932896338,4865,Supplier 1,88.60339848781246,3.0378130562222876
2023-06-30,North America,Makeup,20020,837169.6601295326,2255,Supplier 5,91.7986534655605,4.297672134251766
2023-06-30,North America,Fragrances,8778,285670.9780054767,8170,Supplier 1,86.14456631868404,0.8976786256482086
2023-06-30,North America,Men's Grooming,32823,1402850.1679084755,4263,Supplier 2,89.70792058787912,1.1453255847743904
2023-06-30,Europe,Skincare,30316,1039724.0366723379,9370,Supplier 2,92.24620332141487,1.097278529042165
2023-06-30,Europe,Haircare,16565,299224.5119981302,8883,Supplier 1,98.396552433978,3.882625119518716
2023-06-30,Europe,Makeup,49888,2197373.941115505,6776,Supplier 3,97.37384556345599,4.180081393899645
2023-06-30,Europe,Fragrances,42361,1473601.7731127266,5362,Supplier 1,91.486874397299,2.5796900322494567
2023-06-30,Europe,Men's Grooming,26283,416356.93921456626,7217,Supplier 3,92.96713585927723,4.32836800407812
2023-06-30,Asia-Pacific,Skincare,5784,131202.81957954195,8054,Supplier 5,85.13622681479578,2.323029890440509
2023-06-30,Asia-Pacific,Haircare,45568,676916.3964120016,3752,Supplier 5,88.43630537433212,3.3545683436244076
2023-06-30,Asia-Pacific,Makeup,15528,362958.73426053964,5970,Supplier 1,87.58067497507776,4.087076529493055
2023-06-30,Asia-Pacific,Fragrances,47035,1947555.100272029,9643,Supplier 1,85.78327639917624,2.145276995139906
2023-06-30,Asia-Pacific,Men's Grooming,14297,670899.0189292362,5075,Supplier 1,85.22064626699417,1.0720177384242178
2023-06-30,Latin America,Skincare,33239,469233.5139972802,2200,Supplier 3,86.4786290776519,2.6310200747705887
2023-06-30,Latin America,Haircare,12501,239250.1928801721,8486,Supplier 2,86.97533555948927,4.374641508423075
2023-06-30,Latin America,Makeup,11375,295036.937965973,6294,Supplier 2,90.03806186414603,2.2640038834533227
2023-06-30,Latin America,Fragrances,30846,773141.3673902516,6606,Supplier 5,92.40981388573539,1.3875763244552848
2023-06-30,Latin America,Men's Grooming,42642,733694.717292357,3120,Supplier 5,95.55570895683859,3.9180496810511194
2023-06-30,Middle East & Africa,Skincare,25536,755173.3791783685,8538,Supplier 3,96.11946639909073,1.3718428385401167
2023-06-30,Middle East & Africa,Haircare,21499,980214.6896619395,7340,Supplier 5,96.08814014689227,1.6108098335432057
2023-06-30,Middle East & Africa,Makeup,15223,207807.11031778462,4618,Supplier 5,87.66096199486873,2.2735523361788634
2023-06-30,Middle East & Africa,Fragrances,31456,825124.5779670845,8548,Supplier 2,89.96209872489042,1.7629875238149686
2023-06-30,Middle East & Africa,Men's Grooming,16569,497057.48194190674,3068,Supplier 1,88.8982580441692,4.884968550747385
2023-07-31,North America,Skincare,34091,817733.5264222358,1202,Supplier 4,98.87305526382748,4.5895260802539894
2023-07-31,North America,Haircare,41578,1490108.8082347242,3797,Supplier 5,94.21132812140797,1.6758863714624967
2023-07-31,North America,Makeup,34202,1053925.8132420431,6852,Supplier 4,91.95490278328823,1.5853019723679926
2023-07-31,North America,Fragrances,6181,79570.55242622508,7959,Supplier 2,94.79385635116915,4.9501328785357055
2023-07-31,North America,Men's Grooming,37925,1775340.339898486,5872,Supplier 1,90.12167408753258,2.9027210309302425
2023-07-31,Europe,Skincare,32891,473268.3499194243,7114,Supplier 3,86.74721396069287,1.4532462481377606
2023-07-31,Europe,Haircare,7347,188930.15540188373,7761,Supplier 5,94.26663120253853,2.5192078167136915
2023-07-31,Europe,Makeup,47938,976045.6415393414,6899,Supplier 5,89.38912206129541,3.4835938045291908
2023-07-31,Europe,Fragrances,43109,959632.1107908856,6505,Supplier 5,88.68746905921942,3.227283107387628
2023-07-31,Europe,Men's Grooming,11884,465338.30679144163,7858,Supplier 3,95.27483429353725,0.7897509648996783
2023-07-31,Asia-Pacific,Skincare,40131,1413114.2957140927,7169,Supplier 5,95.56451424528315,4.3697912166223905
2023-07-31,Asia-Pacific,Haircare,6898,318719.73471876147,9883,Supplier 3,93.06986755868746,3.7088272689168877
2023-07-31,Asia-Pacific,Makeup,11875,392049.0230742927,5322,Supplier 3,98.89688276110553,1.2293635962276688
2023-07-31,Asia-Pacific,Fragrances,49650,618850.5971670408,7306,Supplier 4,88.44166745314018,3.5594775898201227
2023-07-31,Asia-Pacific,Men's Grooming,22593,683960.2535033367,1835,Supplier 5,98.45937388858836,3.6572489476320125
2023-07-31,Latin America,Skincare,11198,382138.19517493073,7476,Supplier 4,90.96845346597611,2.244456910858551
2023-07-31,Latin America,Haircare,28834,1247035.3599270596,4881,Supplier 1,90.79079443125754,2.531197379893182
2023-07-31,Latin America,Makeup,22656,855074.5371098933,3816,Supplier 3,91.18141087001428,1.5512400500222663
2023-07-31,Latin America,Fragrances,39353,1202357.1367938179,5023,Supplier 4,86.83289097104645,3.904077880311901
2023-07-31,Latin America,Men's Grooming,7933,237266.7403555922,8390,Supplier 4,94.73997784608665,4.7683756645767215
2023-07-31,Middle East & Africa,Skincare,15894,718107.9409475197,1380,Supplier 2,96.34286756869989,2.8418222136240487
2023-07-31,Middle East & Africa,Haircare,11821,260340.3776155462,9105,Supplier 1,92.48068983119568,3.8201487146999877
2023-07-31,Middle East & Africa,Makeup,8076,180571.98998172357,5009,Supplier 2,94.19562586589022,4.96447569350874
2023-07-31,Middle East & Africa,Fragrances,15138,561936.8498198226,8945,Supplier 5,92.277115203381,3.595561469437938
2023-07-31,Middle East & Africa,Men's Grooming,36460,1004744.8101151604,6938,Supplier 5,88.07536507100403,1.9310345162362763
2023-08-31,North America,Skincare,8209,155571.28241657477,9956,Supplier 4,94.67988883575688,4.283185317235136
2023-08-31,North America,Haircare,27167,385389.0627098614,4283,Supplier 3,90.86622277831125,1.0366596625908064
2023-08-31,North America,Makeup,46537,1351515.1185822308,2991,Supplier 5,88.81377228286242,4.272437109095782
2023-08-31,North America,Fragrances,39372,1123657.1218469294,7778,Supplier 2,94.06824413723969,3.815319595164277
2023-08-31,North America,Men's Grooming,15273,719901.91437025,4326,Supplier 1,85.97203813881029,1.4246142386074407
2023-08-31,Europe,Skincare,8599,381728.64661772497,2741,Supplier 2,88.6752593301379,1.7390945651972793
2023-08-31,Europe,Haircare,37265,1495797.395308676,1001,Supplier 1,87.35938967848843,3.457332319315548
2023-08-31,Europe,Makeup,41285,662340.90085178,1061,Supplier 2,91.0784955419298,4.7294171773838425
2023-08-31,Europe,Fragrances,47574,577699.8325559495,2927,Supplier 3,92.4240441039419,4.092634821003447
2023-08-31,Europe,Men's Grooming,15915,599095.4066031072,7306,Supplier 1,89.19946563244187,3.4225281398433696
2023-08-31,Asia-Pacific,Skincare,5733,199334.40745653198,9907,Supplier 4,94.6978474420795,2.7726613616456404
2023-08-31,Asia-Pacific,Haircare,25314,1149215.1334778527,3229,Supplier 2,95.02673477642381,1.455030730107357
2023-08-31,Asia-Pacific,Makeup,14852,560296.8459316264,9782,Supplier 1,96.82758546732808,4.19081099351385
2023-08-31,Asia-Pacific,Fragrances,13166,435132.5351685745,5684,Supplier 2,86.5046716496777,3.5717319158495204
2023-08-31,Asia-Pacific,Men's Grooming,15632,509936.23697095184,8671,Supplier 2,88.51633482118815,2.3071761871412777
2023-08-31,Latin America,Skincare,27360,646953.5883617433,4756,Supplier 1,89.54930515896186,2.964804298724913
2023-08-31,Latin America,Haircare,16183,739593.0416894946,1483,Supplier 3,94.46675483945666,1.928906199388525
2023-08-31,Latin America,Makeup,27582,411682.93692611356,3713,Supplier 2,88.19679737148795,0.9593565255043741
2023-08-31,Latin America,Fragrances,41197,822688.665117556,8368,Supplier 3,92.11894451378956,4.42087886060517
2023-08-31,Latin America,Men's Grooming,7972,380350.07821446547,7359,Supplier 4,97.534458601543,2.749163580315302
2023-08-31,Middle East & Africa,Skincare,35561,1692645.5026153827,4205,Supplier 1,89.85294454000962,0.7011309577019909
2023-08-31,Middle East & Africa,Haircare,7832,139596.58174570443,8488,Supplier 5,85.63344291120335,1.4622457397365554
2023-08-31,Middle East & Africa,Makeup,31859,1111737.2995318396,3346,Supplier 1,96.45620759497068,3.419119050018179
2023-08-31,Middle East & Africa,Fragrances,17220,495860.30910824257,5820,Supplier 2,91.85269124161942,4.076427213851771
2023-08-31,Middle East & Africa,Men's Grooming,41615,1993558.881524335,7342,Supplier 4,89.35744893507844,4.6838677424136845
2023-09-30,North America,Skincare,47346,946588.0274902477,1631,Supplier 1,86.73729823069974,4.360364087640309
2023-09-30,North America,Haircare,17433,590299.3474460806,1039,Supplier 2,95.9741628359475,1.7377234974667242
2023-09-30,North America,Makeup,12047,360696.248184763,9286,Supplier 3,95.22385123266523,3.2055953103630035
2023-09-30,North America,Fragrances,42910,1726751.1416940496,4650,Supplier 2,97.12785384488598,4.037968890141898
2023-09-30,North America,Men's Grooming,48776,1187422.094943044,3298,Supplier 3,90.96810705467956,3.194444854921648
2023-09-30,Europe,Skincare,37351,979285.4402916289,7732,Supplier 5,96.29187817080336,3.5331071406116257
2023-09-30,Europe,Haircare,35404,1627339.7986989631,4492,Supplier 1,85.09444638017445,0.6989264971511169
2023-09-30,Europe,Makeup,39494,833875.8292114369,6904,Supplier 2,94.21619346473013,4.624646231053821
2023-09-30,Europe,Fragrances,26481,980597.2601146502,7144,Supplier 4,93.7517484311149,2.436798953202832
2023-09-30,Europe,Men's Grooming,23172,1005908.9616601836,5104,Supplier 2,98.18328497701431,2.5779401238546713
2023-09-30,Asia-Pacific,Skincare,31896,1178131.7063156697,1572,Supplier 4,97.38426693710203,3.048223794737662
2023-09-30,Asia-Pacific,Haircare,28660,1147348.8987767114,6821,Supplier 2,91.75927648885812,2.8357934924405996
2023-09-30,Asia-Pacific,Makeup,8573,128271.06112743134,9067,Supplier 1,88.3994065985999,1.9294635572083796
2023-09-30,Asia-Pacific,Fragrances,11509,189638.16791215053,5436,Supplier 2,98.5896421178683,2.5342013049674272
2023-09-30,Asia-Pacific,Men's Grooming,9983,449228.4157262722,3494,Supplier 3,88.49937866458649,3.9254023872155
2023-09-30,Latin America,Skincare,44930,590365.6053099784,8689,Supplier 3,85.8201051321949,2.0853200382843244
2023-09-30,Latin America,Haircare,5119,204384.34565925106,8744,Supplier 5,87.51648290065339,4.817688668321144
2023-09-30,Latin America,Makeup,39875,1041970.577550574,7722,Supplier 5,95.313088960313,2.171568437766072
2023-09-30,Latin America,Fragrances,43588,2156115.0563860037,9177,Supplier 3,93.63863692198146,1.1553639271844445
2023-09-30,Latin America,Men's Grooming,26941,338968.1847259467,6980,Supplier 5,98.15743233677925,2.087163869947573
2023-09-30,Middle East & Africa,Skincare,46529,738524.5197417719,6552,Supplier 2,92.70112754599117,1.4036114163619446
2023-09-30,Middle East & Africa,Haircare,23590,299071.1902312424,3758,Supplier 2,92.85399753553898,1.11649019985381
2023-09-30,Middle East & Africa,Makeup,11760,258372.10546634073,2667,Supplier 1,91.90439542573111,4.235413319303738
2023-09-30,Middle East & Africa,Fragrances,38527,1665421.289789345,4643,Supplier 5,97.00232575762115,4.752687011606197
2023-09-30,Middle East & Africa,Men's Grooming,44443,2169003.947127439,8522,Supplier 2,94.6851826323862,2.5194275762093334
2023-10-31,North America,Skincare,18722,838371.2414923285,8938,Supplier 4,91.39029319887298,4.574138559666452
2023-10-31,North America,Haircare,44997,903925.3549041857,9205,Supplier 5,88.15139180284646,1.6409264331025115
2023-10-31,North America,Makeup,37364,1247732.5218388385,3451,Supplier 4,96.12211803907228,4.711019444809286
2023-10-31,North America,Fragrances,38081,676570.6636313508,6742,Supplier 4,86.07804835703853,2.613068122712458
2023-10-31,North America,Men's Grooming,34255,1416546.8594370678,5341,Supplier 4,93.52514881604378,3.285125438495443
2023-10-31,Europe,Skincare,14011,153346.4738059871,9802,Supplier 5,92.70009254824261,4.073019281322253
2023-10-31,Europe,Haircare,42899,1955903.744827415,8104,Supplier 5,92.68179790326376,1.238446827095357
2023-10-31,Europe,Makeup,9965,297793.2812423382,8902,Supplier 4,85.68933819921457,1.5727084766557584
2023-10-31,Europe,Fragrances,30345,1293244.854132719,7368,Supplier 1,93.05274635943319,2.714642748380802
2023-10-31,Europe,Men's Grooming,15627,370770.25938417035,8823,Supplier 4,91.2025780302824,1.062524825381436
2023-10-31,Asia-Pacific,Skincare,39065,1241009.7595357746,2520,Supplier 5,89.72301966744364,4.4554978040118804
2023-10-31,Asia-Pacific,Haircare,35589,1670823.97958629,3324,Supplier 1,92.44838617363568,3.1348934508478132
2023-10-31,Asia-Pacific,Makeup,24050,1128781.1121538484,3376,Supplier 3,85.14506789544205,3.8520033474658004
2023-10-31,Asia-Pacific,Fragrances,41436,842312.8977101853,2771,Supplier 2,92.63759456672942,2.841664183254331
2023-10-31,Asia-Pacific,Men's Grooming,16365,374453.2551241321,6675,Supplier 2,85.33350713449032,2.0891106248293423
2023-10-31,Latin America,Skincare,10469,134828.09297671836,1986,Supplier 2,91.17973256728953,2.7543438974058834
2023-10-31,Latin America,Haircare,46341,711462.9945111418,5986,Supplier 2,85.5956791767853,1.5713982383883895
2023-10-31,Latin America,Makeup,41056,741141.0479566987,7032,Supplier 1,90.46725198069107,1.8342709181530212
2023-10-31,Latin America,Fragrances,19292,876432.7331941526,1800,Supplier 3,85.00919172965446,2.5288453988694313
2023-10-31,Latin America,Men's Grooming,25314,1172776.625853669,4439,Supplier 3,93.8980646274623,2.390631307760185
2023-10-31,Middle East & Africa,Skincare,20339,405296.29327329097,8858,Supplier 2,94.98464532507185,2.585070567339666
2023-10-31,Middle East & Africa,Haircare,24590,993625.4533711695,2217,Supplier 4,96.47658608188101,1.4792658303173793
2023-10-31,Middle East & Africa,Makeup,36875,1746785.3317729295,1214,Supplier 1,92.98241414709777,4.581256876911314
2023-10-31,Middle East & Africa,Fragrances,15459,689461.9205786377,7692,Supplier 2,95.43180251696732,4.099871627279278
2023-10-31,Middle East & Africa,Men's Grooming,48452,2017008.3786499423,6000,Supplier 3,87.49178613517253,4.0746680212067785
2023-11-30,North America,Skincare,45886,483492.97624629654,3000,Supplier 5,95.67356529881773,2.7286038579358483
2023-11-30,North America,Haircare,9553,353412.7944151711,7699,Supplier 5,95.74921966400517,2.1256209224804303
2023-11-30,North America,Makeup,8981,386472.33800479793,2560,Supplier 2,98.774280672962,2.453633708072429
2023-11-30,North America,Fragrances,48222,1195866.3550451803,2924,Supplier 1,89.3132093938628,1.9607725455211018
2023-11-30,North America,Men's Grooming,34631,871599.5254638884,3117,Supplier 1,93.67711402142326,4.003822765168026
2023-11-30,Europe,Skincare,46111,559248.9941324841,4535,Supplier 4,97.81311026717879,4.853812705353722
2023-11-30,Europe,Haircare,42976,923381.188950956,2512,Supplier 4,88.02547434250988,1.1221490499769644
2023-11-30,Europe,Makeup,25225,536275.4929027951,6102,Supplier 2,91.02712535075064,1.5964859290378421
2023-11-30,Europe,Fragrances,22532,1025002.8087126262,2602,Supplier 5,94.98032740989103,1.7636965703395182
2023-11-30,Europe,Men's Grooming,9139,434737.0362896575,1292,Supplier 3,88.98221352811018,2.205919175775258
2023-11-30,Asia-Pacific,Skincare,35860,1742557.3293501704,2822,Supplier 5,87.66322624078893,3.094482121996328
2023-11-30,Asia-Pacific,Haircare,12561,139852.68348085444,3899,Supplier 1,85.58734448712207,4.936728820856487
2023-11-30,Asia-Pacific,Makeup,42591,2072334.5535687616,7548,Supplier 1,95.43055567935289,4.855480351405224
2023-11-30,Asia-Pacific,Fragrances,5990,298788.6515320635,1837,Supplier 3,96.50817671995574,3.7607663622586784
2023-11-30,Asia-Pacific,Men's Grooming,10151,491073.824526931,4032,Supplier 2,98.11644397381102,3.7963604849506933
2023-11-30,Latin America,Skincare,7700,122027.12685488636,9784,Supplier 4,87.39204520235864,1.5631074441723503
2023-11-30,Latin America,Haircare,28312,583926.941052075,6537,Supplier 2,95.92550718901269,2.7726722413461604
2023-11-30,Latin America,Makeup,49061,675789.0385076018,7259,Supplier 4,92.89464811482915,0.6877591422683698
2023-11-30,Latin America,Fragrances,37972,1814427.9269798838,9969,Supplier 2,98.7472279773919,1.493146842520661
2023-11-30,Latin America,Men's Grooming,10740,251692.92920850636,1579,Supplier 1,96.6473228703845,0.9875584331149234
2023-11-30,Middle East & Africa,Skincare,31761,1522576.6194648035,6364,Supplier 3,95.9342147963219,4.947907949349607
2023-11-30,Middle East & Africa,Haircare,40081,765639.9323150069,6030,Supplier 3,90.41950577727131,1.1164756697885285
2023-11-30,Middle East & Africa,Makeup,31311,1057886.431949918,9354,Supplier 5,95.01212946369637,1.3687034274341165
2023-11-30,Middle East & Africa,Fragrances,31008,821591.6262780441,4635,Supplier 4,87.26383076203884,1.4806135431360035
2023-11-30,Middle East & Africa,Men's Grooming,43639,556803.4294184934,4222,Supplier 1,86.15414047054915,0.8856929516497564
2023-12-31,North America,Skincare,27730,1200968.7917868292,6160,Supplier 5,94.79621579935592,0.9081118679750468
2023-12-31,North America,Haircare,47841,1935690.6634138837,8698,Supplier 5,86.36856075606235,4.715101620968754
2023-12-31,North America,Makeup,21725,576345.0466783495,1031,Supplier 5,94.43812574704064,2.671800737694753
2023-12-31,North America,Fragrances,41205,1941660.4037797747,8275,Supplier 5,95.14730835262407,4.450917696550908
2023-12-31,North America,Men's Grooming,38554,1309723.7870739778,1486,Supplier 1,91.09466923422566,1.1261751246111298
2023-12-31,Europe,Skincare,36264,1390390.559689169,9358,Supplier 4,85.60926392421943,3.6899625970745857
2023-12-31,Europe,Haircare,38907,1646212.1430636367,5353,Supplier 5,86.07299192213397,2.61077144585538
2023-12-31,Europe,Makeup,18128,881522.0144505848,1131,Supplier 3,98.79719772189885,0.7346467732667903
2023-12-31,Europe,Fragrances,25918,475657.0539019745,1226,Supplier 5,86.12637166308538,0.7858074030799229
2023-12-31,Europe,Men's Grooming,19568,721321.7507645073,1006,Supplier 2,93.33709660579083,1.67357296036249
2023-12-31,Asia-Pacific,Skincare,37346,465709.78658137645,1342,Supplier 3,98.23847323678811,4.935847004079462
2023-12-31,Asia-Pacific,Haircare,22370,960238.4143130298,2600,Supplier 1,93.99995874450754,1.9804949125310822
2023-12-31,Asia-Pacific,Makeup,48994,1784975.7113526217,4847,Supplier 2,88.82463567631798,1.9405115544272171
2023-12-31,Asia-Pacific,Fragrances,9631,230837.2000247746,3191,Supplier 5,86.4468857525358,1.8245871032243477
2023-12-31,Asia-Pacific,Men's Grooming,31113,1513746.0106527794,4373,Supplier 5,98.63465807681983,2.2957358137177994
2023-12-31,Latin America,Skincare,32201,456307.8050133686,2753,Supplier 1,90.5214154694052,0.6491138229201656
2023-12-31,Latin America,Haircare,44774,1454274.8512666235,3751,Supplier 4,95.39066956523622,4.221602870736465
2023-12-31,Latin America,Makeup,8067,118278.57953237041,5187,Supplier 4,98.46807526103211,2.8238378770021075
2023-12-31,Latin America,Fragrances,8467,113712.71630377977,1835,Supplier 3,92.83471423329195,1.831957075516492
2023-12-31,Latin America,Men's Grooming,23059,759389.4386861669,8127,Supplier 1,95.59489564117023,4.13696356977919
2023-12-31,Middle East & Africa,Skincare,36438,1334485.1324589322,6190,Supplier 3,95.23478490207262,3.643703462277609
2023-12-31,Middle East & Africa,Haircare,16267,358160.5842504114,9426,Supplier 2,85.43989005544802,2.0041224799475166
2023-12-31,Middle East & Africa,Makeup,31711,1468651.6135948203,2114,Supplier 3,85.13254416621815,3.7480976075589956
2023-12-31,Middle East & Africa,Fragrances,43981,1753420.4240510596,8948,Supplier 5,87.61520319695711,3.7147917412175326
2023-12-31,Middle East & Africa,Men's Grooming,28408,1389152.115666822,7332,Supplier 1,88.84289499228592,4.590600834655195
